<record><leader>00000cas a22000007a 4500</leader><controlfield tag="001">13351261</controlfield><controlfield tag="008">860327d19211927aluwr ne      0    0eng d</controlfield><datafield ind1=" " ind2=" " tag="010"><subfield code="a">sn 86050124 </subfield></datafield><datafield ind1=" " ind2=" " tag="040"><subfield code="a">AAR</subfield><subfield code="b">eng</subfield><subfield code="c">AAR</subfield><subfield code="d">CPN</subfield><subfield code="d">OCLCQ</subfield></datafield><datafield ind1=" " ind2=" " tag="042"><subfield code="a">msc</subfield></datafield><datafield ind1="0" ind2="0" tag="245"><subfield code="a">DeKalb county herald.</subfield></datafield><datafield ind1=" " ind2=" " tag="260"><subfield code="a">Fort Payne, Ala. :</subfield><subfield code="b">Herald Pub. Co.,</subfield><subfield code="c">1921-1927.</subfield></datafield><datafield ind1=" " ind2=" " tag="300"><subfield code="a">v. :</subfield><subfield code="b">ill. ;</subfield><subfield code="c">56 cm.</subfield></datafield><datafield ind1=" " ind2=" " tag="310"><subfield code="a">Weekly</subfield></datafield><datafield ind1="0" ind2=" " tag="362"><subfield code="a">Vol. 1, no. 1 (July 22, 1921)-v. 6, no. 29 (Feb. 11, 1927).</subfield></datafield><datafield ind1=" " ind2=" " tag="500"><subfield code="a">Editor: Jerald W. Farr.</subfield></datafield><datafield ind1=" " ind2=" " tag="752"><subfield code="a">United States</subfield><subfield code="b">Alabama</subfield><subfield code="c">DeKalb</subfield><subfield code="d">Fort Payne.</subfield></datafield><datafield ind1="0" ind2="4" tag="785"><subfield code="t">Fort Payne journal</subfield><subfield code="w">(DLC)sn 86050125</subfield></datafield><datafield ind1="1" ind2=" " tag="029"><subfield code="a">AU@</subfield><subfield code="b">000025838703</subfield></datafield></record>